
@misc{chen_ai_2023,
	title = {{AI} {Will} {Transform} {Teaching} and {Learning}. {Let}’s {Get} it {Right}.},
	url = {https://hai.stanford.edu/news/ai-will-transform-teaching-and-learning-lets-get-it-right},
	urldate = {2023-06-28},
	author = {Chen, Claire},
	month = sep,
	year = {2023},
	file = {AI Will Transform Teaching and Learning. Let’s Get it Right.:/Users/I516998/Zotero/storage/MPWPVQQT/ai-will-transform-teaching-and-learning-lets-get-it-right.html:text/html},
}


@misc{nadeem_1_2022,
	title = {1. {How} {Americans} think about artificial intelligence},
	url = {https://www.pewresearch.org/internet/2022/03/17/how-americans-think-about-artificial-intelligence/},
	abstract = {Artificial intelligence (AI) is spreading through society into some of the most important sectors of people’s lives – from health care and legal services},
	language = {en-US},
	urldate = {2023-06-28},
	journal = {Pew Research Center: Internet, Science \& Tech},
	author = {Nadeem, Reem},
	month = mar,
	year = {2022},
	file = {Snapshot:/Users/I516998/Zotero/storage/MPQPIXG7/how-americans-think-about-artificial-intelligence.html:text/html},
}
